<record xmlns='http://www.loc.gov/MARC21/slim'><leader>01538cim a22003732u 4500</leader><controlfield tag='001'>3601123</controlfield><controlfield tag='005'>20151214182804.0</controlfield><controlfield tag='007'>ss|lmnjluz|nuu</controlfield><controlfield tag='008'>991101s1984    nyunnn         l    eng d</controlfield><datafield ind1=' ' ind2=' ' tag='035'><subfield code='a'>(NIC)notisASF8188</subfield></datafield><datafield ind1=' ' ind2=' ' tag='035'><subfield code='a'>3601123</subfield></datafield><datafield ind1=' ' ind2=' ' tag='035'><subfield code='a'>(OCoLC)63897087</subfield></datafield><datafield ind1=' ' ind2=' ' tag='040'><subfield code='a'>NIC</subfield><subfield code='c'>NIC</subfield><subfield code='d'>NIC</subfield></datafield><datafield ind1='1' ind2=' ' tag='100'><subfield code='a'>Derrida, Jacques.</subfield></datafield><datafield ind1='1' ind2='0' tag='245'><subfield code='a'>Invention in the nuclear age--no apocalypse, not now</subfield><subfield code='h'>[sound recording]</subfield></datafield><datafield ind1=' ' ind2=' ' tag='260'><subfield code='c'>1984.</subfield></datafield><datafield ind1=' ' ind2=' ' tag='300'><subfield code='a'>2 sound cassettes (75 min.) :</subfield><subfield code='b'>analog, mono.</subfield></datafield><datafield ind1=' ' ind2=' ' tag='500'><subfield code='a'>Recorded in Ithaca, NY by Cornell University.</subfield></datafield><datafield ind1=' ' ind2=' ' tag='500'><subfield code='a'>Sponsored by: Peace Studies Program,University Lectures Committee,Western Societies Program,Arts and Sciences, College of,Women&apos;s Studies Program,Romance Studies, Department of.</subfield></datafield><datafield ind1=' ' ind2=' ' tag='518'><subfield code='a'>Lecture, April 20, 1984.</subfield></datafield><datafield ind1=' ' ind2=' ' tag='520'><subfield code='a'>Derrida distinguishes between the fiction and reality of nuclear war, places the nuclear age within the context of history, and clarifies the role of the critic in nuclear discourse.</subfield></datafield><datafield ind1=' ' ind2='0' tag='650'><subfield code='a'>Inventions.</subfield></datafield><datafield ind1=' ' ind2='0' tag='650'><subfield code='a'>Nuclear warfare</subfield><subfield code='x'>Social aspects.</subfield></datafield><datafield ind1=' ' ind2='0' tag='650'><subfield code='a'>Discourse analysis.</subfield></datafield><datafield ind1=' ' ind2='0' tag='650'><subfield code='a'>Semiotics.</subfield></datafield><datafield ind1=' ' ind2='7' tag='650'><subfield code='a'>Discourse analysis</subfield><subfield code='2'>fast</subfield><subfield code='0'>(OCoLC)fst00894932</subfield></datafield><datafield ind1=' ' ind2='7' tag='650'><subfield code='a'>Inventions</subfield><subfield code='2'>fast</subfield><subfield code='0'>(OCoLC)fst00977993</subfield></datafield><datafield ind1=' ' ind2='7' tag='650'><subfield code='a'>Nuclear warfare</subfield><subfield code='x'>Social aspects</subfield><subfield code='2'>fast</subfield><subfield code='0'>(OCoLC)fst01040951</subfield></datafield><datafield ind1=' ' ind2='7' tag='650'><subfield code='a'>Semiotics</subfield><subfield code='2'>fast</subfield><subfield code='0'>(OCoLC)fst01112351</subfield></datafield><datafield ind1=' ' ind2='0' tag='830'><subfield code='a'>Nuclear criticism.</subfield></datafield><datafield ind1=' ' ind2='0' tag='830'><subfield code='a'>Diacritics colloquia.</subfield></datafield><datafield ind1='1' ind2=' ' tag='899'><subfield code='a'>CULectures</subfield></datafield><datafield ind1=' ' ind2=' ' tag='905'><subfield code='a'>19991201120000.0</subfield></datafield><datafield ind1='2' ind2=' ' tag='948'><subfield code='a'>20141221</subfield><subfield code='b'>m</subfield><subfield code='d'>batch</subfield><subfield code='e'>lts</subfield><subfield code='x'>addfast</subfield></datafield></record>